<record><leader>00000cas a2200000 a 4500</leader><controlfield tag="001">2258213</controlfield><controlfield tag="008">760620d18741912pauwr ne      0    0eng c</controlfield><datafield ind1=" " ind2=" " tag="010"><subfield code="a">sn 85025163 </subfield></datafield><datafield ind1=" " ind2=" " tag="040"><subfield code="a">PIT</subfield><subfield code="b">eng</subfield><subfield code="c">PIT</subfield><subfield code="d">NPX</subfield><subfield code="d">NPH</subfield><subfield code="d">CUI</subfield><subfield code="d">OCLCQ</subfield><subfield code="d">OCLCF</subfield></datafield><datafield ind1="1" ind2=" " tag="029"><subfield code="a">AU@</subfield><subfield code="b">000025817811</subfield></datafield><datafield ind1=" " ind2=" " tag="042"><subfield code="a">pcc</subfield></datafield><datafield ind1=" " ind2=" " tag="043"><subfield code="a">n-us-pa</subfield></datafield><datafield ind1=" " ind2="4" tag="050"><subfield code="a">AN</subfield></datafield><datafield ind1="0" ind2=" " tag="130"><subfield code="a">Beaver times (Beaver, Pa. : 1874 : Weekly)</subfield></datafield><datafield ind1="1" ind2="4" tag="245"><subfield code="a">The Beaver times.</subfield></datafield><datafield ind1=" " ind2=" " tag="260"><subfield code="a">Beaver, Pa. :</subfield><subfield code="b">Michael Weyand</subfield></datafield><datafield ind1=" " ind2=" " tag="300"><subfield code="a">v. ;</subfield><subfield code="c">64-72 cm.</subfield></datafield><datafield ind1=" " ind2=" " tag="310"><subfield code="a">Weekly</subfield></datafield><datafield ind1="1" ind2=" " tag="362"><subfield code="a">Began Apr. 1, 1874; ceased in 1912?</subfield><subfield code="z">NIM.</subfield></datafield><datafield ind1=" " ind2=" " tag="580"><subfield code="a">Issued also in a daily edition: Beaver times (Beaver, Pa. : 1899 : Daily), 1899-1906; Daily times (Beaver, Pa.), 1906-1912.</subfield></datafield><datafield ind1=" " ind2=" " tag="580"><subfield code="a">Absorbed: Argus and radical. NIM.</subfield></datafield><datafield ind1=" " ind2=" " tag="588"><subfield code="a">Description based on: Vol. 1, no. 33 (Nov. 12, 1874).</subfield></datafield><datafield ind1=" " ind2="0" tag="651"><subfield code="a">Beaver (Pa.)</subfield><subfield code="v">Newspapers.</subfield></datafield><datafield ind1=" " ind2="0" tag="651"><subfield code="a">Beaver County (Pa.)</subfield><subfield code="v">Newspapers.</subfield></datafield><datafield ind1=" " ind2="7" tag="655"><subfield code="a">Newspapers.</subfield><subfield code="2">fast</subfield><subfield code="0">(OCoLC)fst01423814</subfield></datafield><datafield ind1=" " ind2="7" tag="651"><subfield code="a">Pennsylvania</subfield><subfield code="z">Beaver.</subfield><subfield code="2">fast</subfield><subfield code="0">(OCoLC)fst01227421</subfield></datafield><datafield ind1=" " ind2="7" tag="651"><subfield code="a">Pennsylvania</subfield><subfield code="z">Beaver County.</subfield><subfield code="2">fast</subfield><subfield code="0">(OCoLC)fst01205522</subfield></datafield><datafield ind1=" " ind2=" " tag="752"><subfield code="a">United States</subfield><subfield code="b">Pennsylvania</subfield><subfield code="c">Beaver</subfield><subfield code="d">Beaver.</subfield></datafield><datafield ind1="1" ind2=" " tag="775"><subfield code="t">Beaver times (Beaver, Pa. : 1899 : Daily)</subfield><subfield code="w">(DLC)sn 85054922</subfield><subfield code="w">(OCoLC)11967719</subfield></datafield><datafield ind1="1" ind2=" " tag="775"><subfield code="t">Daily times (Beaver, Pa.)</subfield><subfield code="w">(DLC)sn 86081797</subfield><subfield code="w">(OCoLC)14238682</subfield></datafield><datafield ind1="0" ind2="5" tag="780"><subfield code="t">Argus and radical</subfield><subfield code="w">(DLC)sn 85025160</subfield><subfield code="w">(OCoLC)11626741</subfield></datafield></record>